<record><leader>00000cas a22000007a 4500</leader><controlfield tag="001">14950483</controlfield><controlfield tag="008">861210d19141919inudr ne      0    0eng d</controlfield><datafield ind1=" " ind2=" " tag="010"><subfield code="a">sn 86059102 </subfield></datafield><datafield ind1=" " ind2=" " tag="040"><subfield code="a">NPI</subfield><subfield code="b">eng</subfield><subfield code="c">NPI</subfield><subfield code="d">DLC</subfield><subfield code="d">NPI</subfield><subfield code="d">OCLCQ</subfield><subfield code="d">IUL</subfield><subfield code="d">OCLCF</subfield></datafield><datafield ind1=" " ind2=" " tag="042"><subfield code="a">msc</subfield></datafield><datafield ind1=" " ind2=" " tag="043"><subfield code="a">n-us-in</subfield></datafield><datafield ind1="0" ind2="4" tag="245"><subfield code="a">The Lafayette journal.</subfield></datafield><datafield ind1=" " ind2=" " tag="260"><subfield code="a">Lafayette, Ind. :</subfield><subfield code="b">Journal Times Co.,</subfield><subfield code="c">1914-1919.</subfield></datafield><datafield ind1=" " ind2=" " tag="300"><subfield code="a">volumes</subfield></datafield><datafield ind1=" " ind2=" " tag="310"><subfield code="a">Daily</subfield></datafield><datafield ind1="0" ind2=" " tag="362"><subfield code="a">85th year (Mar. 27, 1914)-v. 92, no. 88 (Dec. 31, 1919).</subfield></datafield><datafield ind1=" " ind2=" " tag="500"><subfield code="a">"Daily and weekly ed., Friday", Mar. 27-May 29, 1914.</subfield></datafield><datafield ind1=" " ind2=" " tag="580"><subfield code="a">Sunday ed. called: Lafayette Sunday times, Apr. 12, 1914-Jan. 24, 1915.</subfield></datafield><datafield ind1=" " ind2="0" tag="651"><subfield code="a">Lafayette (Ind.)</subfield><subfield code="v">Newspapers.</subfield></datafield><datafield ind1=" " ind2="0" tag="651"><subfield code="a">Tippecanoe County (Ind.)</subfield><subfield code="v">Newspapers.</subfield></datafield><datafield ind1=" " ind2="7" tag="651"><subfield code="a">Indiana</subfield><subfield code="z">Lafayette.</subfield><subfield code="2">fast</subfield><subfield code="0">(OCoLC)fst01204553</subfield></datafield><datafield ind1=" " ind2="7" tag="651"><subfield code="a">Indiana</subfield><subfield code="z">Tippecanoe County.</subfield><subfield code="2">fast</subfield><subfield code="0">(OCoLC)fst01213782</subfield></datafield><datafield ind1=" " ind2="7" tag="655"><subfield code="a">Newspapers.</subfield><subfield code="2">fast</subfield><subfield code="0">(OCoLC)fst01423814</subfield></datafield><datafield ind1=" " ind2=" " tag="752"><subfield code="a">United States</subfield><subfield code="b">Indiana</subfield><subfield code="c">Tippecanoe</subfield><subfield code="d">Lafayette.</subfield></datafield><datafield ind1="1" ind2=" " tag="775"><subfield code="t">Lafayette Sunday times</subfield><subfield code="w">(DLC)sn 86099994</subfield><subfield code="w">(OCoLC)13105023</subfield></datafield><datafield ind1="0" ind2="0" tag="780"><subfield code="t">Lafayette morning journal</subfield><subfield code="w">(DLC)sn 86059098</subfield><subfield code="w">(OCoLC)14950480</subfield></datafield><datafield ind1="0" ind2="5" tag="780"><subfield code="t">Lafayette Sunday times</subfield><subfield code="g">1914</subfield><subfield code="w">(DLC)sn 86099994</subfield><subfield code="w">(OCoLC)13105023</subfield></datafield><datafield ind1="0" ind2="7" tag="785"><subfield code="t">Lafayette courier (Lafayette, Ind. : Daily)</subfield><subfield code="w">(DLC)sn 86059103</subfield><subfield code="w">(OCoLC)14950487</subfield></datafield><datafield ind1="0" ind2="7" tag="785"><subfield code="t">Lafayette journal and courier</subfield><subfield code="w">(DLC)sn 86059236</subfield><subfield code="w">(OCoLC)8517303</subfield></datafield></record>